@Online{HifisMaterial,
  title =        {Education and Training},
  url =          {https://www.hifis.net/services/software/training.html},
  organization = {Helmholz Federated IT Servies},
  urldate =      {2023-10-17}
}

@Online{CCLessons,
  title =        {Community Developed Lessons},
  url =          {https://carpentries.org/community-lessons/},
  organization = {The Carpentries},
  urldate =      {2023-10-17}
}

@Online{DCLessons,
  title =        {Lessons},
  url =          {https://datacarpentry.org/lessons/},
  organization = {The Carpentries},
  urldate =      {2023-10-17}
}

@Online{LCLessons,
  title =        {Our lessons},
  url =          {https://librarycarpentry.org/lessons/},
  organization = {The Carpentries},
  urldate =      {2023-10-17}
}

@Online{SWCLessons,
  title =        {Our Lessons},
  url =          {https://software-carpentry.org/lessons/},
  organization = {The Carpentries},
  urldate =      {2023-10-17}
}

@Online{CRLessons,
  title =        {All CodeRefinery lessons},
  url =          {https://coderefinery.org/lessons/from-coderefinery/},
  organization = {CodeRefinery},
  urldate =      {2023-10-17}
}

@Online{eSSMaterial,
  title =        {Training materials},
  url =          {https://www.esciencecenter.nl/training-materials/},
  organization = {netherlands eScienceCenter},
  urldate =      {2023-10-17}
}

@Online{RSGuides,
  title =        {Product Guides},
  url =          {https://docs.posit.co/guides/},
  organization = {Posit Software, PBC},
  urldate =      {2023-10-17}
}

@Article{castro2023bioschemas,
  author =       {Castro, Leyla Jael and Palagi, Patricia M and Beard, Niall and
                  Attwood, Teresa K and Brazas, Michelle D},
  title =        {Bioschemas training profiles: A set of specifications for
                  standardizing training information to facilitate the discovery
                  of training programs and resources},
  journal =      {PLOS Computational Biology},
  year =         2023,
  volume =       19,
  number =       6,
  pages =        {e1011120},
  publisher =    {Public Library of Science San Francisco, CA USA}
}

@Online{CMProject,
  title =        {The CodeMeta Project},
  url =          {https://codemeta.github.io/},
  urldate =      {2023-10-17}
}

@Software{Meinel_hermes,
  author =       {Meinel, Michael and Druskat, Stephan and Kelling, Jeffrey and
                  Bertuch, Oliver and Knodel, Oliver and Pape, David},
  title =        {{hermes}},
  version =      {proof-of-concept},
  license =      {Apache-2.0}
}

@Online{CWB,
  title =        {The Carpentries Workbench},
  url =          {https://carpentries.github.io/workbench/},
  organization = {The Carpentries},
  urldate =      {2023-10-17}
}

@Article{druskat2021citation,
  author =       {Druskat, Stephan and Spaaks, Jurriaan H and Chue Hong, Neil P
                  and Haines, Robert and Baker, James and Bliven, Spencer and
                  Willighagen, Egon and P{\'e}rez-Su{\'a}rez, David and
                  Konovalov, Alexander},
  title =        {Citation File Format 1.2. 0},
  year =         2021
}

@Online{CFF,
  title =        {Citation File Format (CFF)},
  url =          {https://citation-file-format.github.io/},
  urldate =      {2023-10-17}
}

@Software{Spaaks_cffinit_2023,
  author =       {Spaaks, Jurriaan H. and Verhoeven, Stefan and Diblen, Faruk
                  and Druskat, Stephan and Soares Siqueira, Abel and Garcia
                  Gonzalez, Jesus and Cushing, Reggie},
  title =        {{cffinit}},
  year =         2023,
  version =      {2.3.1},
  month =        aug,
  url =
                  {https://github.com/citation-file-format/cff-initializer-javascript},
  license =      {Apache-2.0}
}

@Article{beard2020tess,
  author =       {Beard, Niall and Bacall, Finn and Nenadic, Aleksandra and
                  Thurston, Milo and Goble, Carole A and Sansone,
                  Susanna-Assunta and Attwood, Teresa K},
  title =        {TeSS: a platform for discovering life-science training
                  opportunities},
  journal =      {Bioinformatics},
  year =         2020,
  volume =       36,
  number =       10,
  pages =        {3290--3291},
  publisher =    {Oxford University Press}
}

@Online{TESS,
  title =        {TeSS (Training eSupport System)},
  url =          {https://tess.elixir-europe.org/},
  organization = {Training eSupport System},
  urldate =      {2023-10-17}
}

@Online{OERSI,
  title =        {Open Educational Resources Search Index},
  url =          {https://oersi.org/},
  organization = {Hochschulbibliothekszentrum NRW and Technische Informationsbibliothek},
  urldate =      {2023-10-17}
}
